@inproceedings{event,
  author    = {Raymond Hu and
               Dimitrios Kouzapas and
               Olivier Pernet and
               Nobuko Yoshida and
               Kohei Honda},
  title     = {Type-Safe Eventful Sessions in {J}ava},
  year      = {2010},
  pages     = {329-353},
  series =    {LNCS},
  volume    = {6183},
  publisher=springer,
  booktitle = {ECOOP'10}
}

@article{KouzapasYHH13,
  author    = {Dimitrios Kouzapas and
               Nobuko Yoshida and
               Raymond Hu and   
               Kohei Honda},
  title     = {On Asynchronous Eventful Session Semantics},
  journal   = {MSCS},
  note = {To appear},
}
