@misc{SMTP-rfc,
  key = {SMTP},
  title = {Simple Mail Transfer Protocol, {RFC} 821},
  note = {{https://tools.ietf.org/html/rfc821}}
}

@misc{ESMTP-rfc,
  key = {SMTP},
  title = {Extended Simple Mail Transfer Protocol, {RFC} 5321},
  note = {{https://tools.ietf.org/html/rfc5321}}
}

@misc{HuR:smtp,
  author={Raymond Hu},
  title={Monitoring {SMTP} with {S}cribble and {J}ava},
  howpublished={Unpublished presentations},
  year={2015}
}